<?xml version="1.0" encoding="UTF-8"?><record xmlns="http://www.loc.gov/MARC21/slim" xmlns:cinclude="http://apache.org/cocoon/include/1.0" xmlns:zs="http://www.loc.gov/zing/srw/">
  <leader>00597cz  a2200169n  4500</leader>
  <controlfield tag="001">n  87876792 </controlfield>
  <controlfield tag="003">DLC</controlfield>
  <controlfield tag="005">20080229072736.0</controlfield>
  <controlfield tag="008">880224n| acannaabn          |a aaa      </controlfield>
  <datafield tag="010" ind1=" " ind2=" ">
    <subfield code="a">n  87876792 </subfield>
  </datafield>
  <datafield tag="035" ind1=" " ind2=" ">
    <subfield code="a">(OCoLC)oca02211935</subfield>
  </datafield>
  <datafield tag="040" ind1=" " ind2=" ">
    <subfield code="a">DLC</subfield>
    <subfield code="b">eng</subfield>
    <subfield code="c">DLC</subfield>
    <subfield code="d">DLC</subfield>
    <subfield code="d">OCoLC</subfield>
  </datafield>
  <datafield tag="100" ind1="1" ind2=" ">
    <subfield code="a">Vachoušková, Alena</subfield>
  </datafield>
  <datafield tag="400" ind1="1" ind2=" ">
    <subfield code="w">nnaa</subfield>
    <subfield code="a">Vachoušková, A.</subfield>
  </datafield>
  <datafield tag="400" ind1="1" ind2=" ">
    <subfield code="a">Vachoušková, A.</subfield>
    <subfield code="q">(Alena)</subfield>
  </datafield>
  <datafield tag="670" ind1=" " ind2=" ">
    <subfield code="a">Slavica v českém a slovenském literárním vývoji, 1986:</subfield>
    <subfield code="b">verso t.p. (Alenou Vachouškovou)</subfield>
  </datafield>
  <datafield tag="670" ind1=" " ind2=" ">
    <subfield code="a">LC data base, 2-22-88</subfield>
    <subfield code="b">(hdg.: Vachoušková, A.; usage: Alena Vachoušková)</subfield>
  </datafield>
</record>